@inproceedings{kui2018closer,
  Title = {A Closer Look at Real-World Patches},
  Author = {Kui Liu and Dongsun Kim and Li Li and Koyuncu Anil and Tegawend\'e F. Bissyand\'e and Yves Le Traon},
  Booktitle = {Proceedings of the 34th International Conference on Software Maintenance and Evolution},
  pages={275--286},
  year={2018},
  organization={IEEE}
 }
 
@book{david1997lazy,
    author    = "David W. Aha",
    title     = "Lazy learning",
    year      = "1997",
    publisher = "Springer",
    address   = "Washington, DC"
}

@incollection{hastie2009unsupervised,
  title={Unsupervised learning},
  author={Hastie, Trevor and Tibshirani, Robert and Friedman, Jerome},
  booktitle={The Elements of Statistical Learning},
  pages={485--585},
  year={2009},
  publisher={Springer}
}

@inproceedings{padioleau2008documenting,
  title={Documenting and automating collateral evolutions in Linux device drivers},
  author={Padioleau, Yoann and Lawall, Julia and Hansen, Ren{\'e} Rydhof and Muller, Gilles},
  booktitle={Proceedings of the 3rd ACM SIGOPS/EuroSys European Conference on Computer Systems},
  volume={42},
  number={4},
  pages={247--260},
  year={2008},
  organization={ACM}
}

@inproceedings{munson1998code,
  title={Code churn: A measure for estimating the impact of code change},
  author={Munson, John C and Elbaum, Sebastian G},
  booktitle={Proceedings of 1998 International Conference on Software Maintenance},
  pages={24--31},
  year={1998},
  publisher={IEEE}
}

@article{pan2009toward,
  title={Toward an understanding of bug fix patterns},
  author={Pan, Kai and Kim, Sunghun and Whitehead, E James},
  journal={Empirical Software Engineering},
  volume={14},
  number={3},
  pages={286--315},
  year={2009},
  publisher={Springer}
}

@inproceedings{tan2016anti,
  title = {Anti-patterns in {Search}-based {Program} {Repair}},
  booktitle = {Proceedings of the 24th {ACM} {SIGSOFT} {International} {Symposium} on {Foundations} of {Software} {Engineering}},
  author={Tan, Shin Hwei and Yoshida, Hiroaki and Prasad, Mukul R and Roychoudhury, Abhik},
  pages={727--738},
  year={2016},
  organization={ACM}
}

@inproceedings{zhong2015empirical,
  title = {An {Empirical} {Study} on {Real} {Bug} {Fixes}},
  booktitle = {Proceedings of the 37th {International} {Conference} on {Software} {Engineering} - {Volume} 1},
  author={Zhong, Hao and Su, Zhendong},
  pages={913--923},
  year={2015},
  organization={ACM}
}
