@inproceedings{Dagenais:2009:SAR:1555001.1555083,
 author = {Dagenais, Barthelemy and Robillard, Martin P.},
 title = {SemDiff: Analysis and Recommendation Support for API Evolution},
 booktitle = {Proceedings of the 31st International Conference on Software Engineering},
 series = {ICSE '09},
 year = {2009},
 isbn = {978-1-4244-3453-4},
 pages = {599--602},
 numpages = {4},
 url = {http://dx.doi.org/10.1109/ICSE.2009.5070565},
 doi = {10.1109/ICSE.2009.5070565},
 acmid = {1555083},
 publisher = {IEEE Computer Society},
 address = {Washington, DC, USA},
} 

@article{Dagenais:2011:RAC:2000799.2000805,
 author = {Dagenais, Barth{\'e}l{\'e}my and Robillard, Martin P.},
 title = {Recommending Adaptive Changes for Framework Evolution},
 journal = {ACM Trans. Softw. Eng. Methodol.},
 issue_date = {September 2011},
 volume = {20},
 number = {4},
 month = sep,
 year = {2011},
 issn = {1049-331X},
 pages = {19:1--19:35},
 articleno = {19},
 numpages = {35},
 url = {http://doi.acm.org/10.1145/2000799.2000805},
 doi = {10.1145/2000799.2000805},
 acmid = {2000805},
 publisher = {ACM},
 address = {New York, NY, USA},
 keywords = {Adaptive changes, framework, legacy study, mining software repositories, origin analysis, partial program analysis, recommendation system, software evolution},
} 


@article{Teyton:2014:SLM:2926316.2926322,
 author = {Teyton, C{\'e}dric and Falleri, Jean-R{\'e}my and Palyart, Marc and Blanc, Xavier},
 title = {A Study of Library Migrations in Java},
 journal = {J. Softw. Evol. Process},
 issue_date = {November 2014},
 volume = {26},
 number = {11},
 month = nov,
 year = {2014},
 issn = {2047-7473},
 pages = {1030--1052},
 numpages = {23},
 url = {http://dx.doi.org/10.1002/smr.1660},
 doi = {10.1002/smr.1660},
 acmid = {2926322},
 publisher = {John Wiley \& Sons, Inc.},
 address = {New York, NY, USA},
 keywords = {API analysis, software evolution, software repositories},
} 

@inproceedings{Kim:2010:MAI:1831508.1831654,
 author = {Kim, Eunyoung and Kim, Kangtae and In, Hoh Peter},
 title = {A Multi-view API Impact Analysis for Open SPL Platform},
 booktitle = {Proceedings of the 12th International Conference on Advanced Communication Technology},
 series = {ICACT'10},
 year = {2010},
 isbn = {978-1-4244-5427-3},
 location = {Gangwon-Do, South Korea},
 pages = {686--691},
 numpages = {6},
 url = {http://dl.acm.org/citation.cfm?id=1831508.1831654},
 acmid = {1831654},
 publisher = {IEEE Press},
 address = {Piscataway, NJ, USA},
 keywords = {API, impact analysis, open platform, platform evolution, software product line},
} 


@INPROCEEDINGS{6062100, 
author={W. Wu and Y. G. Guéhéneuc and G. Antoniol and M. Kim}, 
booktitle={2010 ACM/IEEE 32nd International Conference on Software Engineering}, 
title={AURA: a hybrid approach to identify framework evolution}, 
year={2010}, 
volume={1}, 
pages={325-334}, 
keywords={Java;software maintenance;AURA;Java system;framework evolution identification;software frameworks;software libraries;software systems;Algorithm design and analysis;Cloning;Java;Libraries;Merging;Pipelines;Software}, 
doi={10.1145/1806799.1806848}, 
ISSN={0270-5257}, 
month={May},}


@inproceedings{DBLP:conf/icsm/SawantRB16,
  author    = {Anand Ashok Sawant and
               Romain Robbes and
               Alberto Bacchelli},
  title     = {On the Reaction to Deprecation of 25, 357 Clients of 4+1 Popular Java
               APIs},
  booktitle = {2016 {IEEE} International Conference on Software Maintenance and Evolution,
               {ICSME} 2016, Raleigh, NC, USA, October 2-7, 2016},
  pages     = {400--410},
  year      = {2016},
  crossref  = {DBLP:conf/icsm/2016},
  url       = {https://doi.org/10.1109/ICSME.2016.64},
  doi       = {10.1109/ICSME.2016.64},
  timestamp = {Mon, 22 May 2017 17:11:00 +0200},
  biburl    = {http://dblp.uni-trier.de/rec/bib/conf/icsm/SawantRB16},
  bibsource = {dblp computer science bibliography, http://dblp.org}
}

@inproceedings{DBLP:conf/sigsoft/RobbesLR12,
  author    = {Romain Robbes and
               Mircea Lungu and
               David R{\"{o}}thlisberger},
  title     = {How do developers react to {API} deprecation?: the case of a smalltalk
               ecosystem},
  booktitle = {20th {ACM} {SIGSOFT} Symposium on the Foundations of Software Engineering
               (FSE-20), SIGSOFT/FSE'12, Cary, NC, {USA} - November 11 - 16, 2012},
  pages     = {56},
  year      = {2012},
  crossref  = {DBLP:conf/sigsoft/2012},
  url       = {http://doi.acm.org/10.1145/2393596.2393662},
  doi       = {10.1145/2393596.2393662},
  timestamp = {Mon, 05 Jun 2017 12:42:58 +0200},
  biburl    = {http://dblp.uni-trier.de/rec/bib/conf/sigsoft/RobbesLR12},
  bibsource = {dblp computer science bibliography, http://dblp.org}
}
