
@article{liu_tbar_2019,
  archivePrefix = {arXiv},
  eprinttype = {arxiv},
  eprint = {1903.08409},
  primaryClass = {cs},
  title = {{{TBar}}: {{Revisiting Template}}-Based {{Automated Program Repair}}},
  shorttitle = {{{TBar}}},
  journal = {arXiv:1903.08409 [cs]},
  author = {Liu, Kui and Koyuncu, Anil and Kim, Dongsun and Bissyand\'e, Tegawend\'e F.},
  month = mar,
  year = {2019}
}




@article{le2015manybugs,
  title={The ManyBugs and IntroClass benchmarks for automated repair of C programs},
  author={Le Goues, Claire and Holtschulte, Neal and Smith, Edward K and Brun, Yuriy and Devanbu, Premkumar and Forrest, Stephanie and Weimer, Westley},
  journal={IEEE Transactions on Software Engineering},
  volume={41},
  number={12},
  pages={1236--1256},
  year={2015},
  publisher={IEEE}
}

@article{rolim2018learning,
  title={Learning Quick Fixes from Code Repositories},
  author={Rolim, Reudismam and Soares, Gustavo and Gheyi, Rohit and D'Antoni, Loris},
  journal={arXiv preprint arXiv:1803.03806},
  year={2018}
}

@inproceedings{meng2015does,
  title={Does automated refactoring obviate systematic editing?},
  author={Meng, Na and Hua, Lisa and Kim, Miryung and McKinley, Kathryn S},
  booktitle={Proceedings of the 37th International Conference on Software Engineering-Volume 1},
  pages={392--402},
  year={2015},
  organization={ACM}
}

@inproceedings{long2017automatic,
  title={Automatic inference of code transforms for patch generation},
  author={Long, Fan and Amidon, Peter and Rinard, Martin},
  booktitle={Proceedings of the 2017 11th Joint Meeting on Foundations of Software Engineering},
  pages={727--739},
  year={2017},
  organization={ACM}
}

@inproceedings{rolim2017learning,
  title={Learning syntactic program transformations from examples},
  author={Rolim, Reudismam and Soares, Gustavo and D'Antoni, Loris and Polozov, Oleksandr and Gulwani, Sumit and Gheyi, Rohit and Suzuki, Ryo and Hartmann, Bj{\"o}rn},
  booktitle={Proceedings of the 39th International Conference on Software Engineering},
  pages={404--415},
  year={2017},
  organization={ACM}
}

@article{meng2011systematic,
  title={Systematic editing: generating program transformations from an example},
  author={Meng, Na and Kim, Miryung and McKinley, Kathryn S},
  journal={ACM SIGPLAN Notices},
  volume={46},
  number={6},
  pages={329--342},
  year={2011},
  publisher={ACM}
}

@inproceedings{meng2013lase,
  title={{LASE}: locating and applying systematic edits by learning from examples},
  author={Meng, Na and Kim, Miryung and McKinley, Kathryn S},
  booktitle={Proceedings of the 2013 International Conference on Software Engineering},
  pages={502--511},
  year={2013},
  organization={ACM}
}


@inproceedings{son2011rolecast,
  address = {New York, NY, USA},
  series = {{{OOPSLA}} '11},
  title = {{{RoleCast}}: {{Finding Missing Security Checks}} When {{You Do Not Know What Checks Are}}},
  shorttitle = {{{RoleCast}}},
  booktitle = {Proceedings of the 2011 {{ACM International Conference}} on {{Object Oriented Programming Systems Languages}} and {{Applications}}},
  publisher = {{ACM}},
  doi = {10.1145/2048066.2048146},
  author = {Son, Sooel and McKinley, Kathryn S. and Shmatikov, Vitaly},
  year = {2011},
  pages = {1069--1084}
}




@inproceedings{xiong2017precise,
  title={Precise condition synthesis for program repair},
  author={Xiong, Yingfei and Wang, Jie and Yan, Runfa and Zhang, Jiachen and Han, Shi and Huang, Gang and Zhang, Lu},
  booktitle={Proceedings of the 39th International Conference on Software Engineering},
  pages={416--426},
  year={2017},
  organization={ACM}
}

@inproceedings{engler2001bugs,
  title={Bugs as deviant behavior: A general approach to inferring errors in systems code},
  author={Engler, Dawson and Chen, David Yu and Hallem, Seth and Chou, Andy and Chelf, Benjamin},
  booktitle={Proceedings of the 8th ACM symposium on Operating Systems Principles},
  volume={35},
  number={5},
  pages={57--72},
  year={2001},
  organization={ACM}
}

@inproceedings{gu2016deep,
  title={Deep API learning},
  author={Gu, Xiaodong and Zhang, Hongyu and Zhang, Dongmei and Kim, Sunghun},
  booktitle={Proceedings of the 2016 24th ACM SIGSOFT International Symposium on Foundations of Software Engineering},
  pages={631--642},
  year={2016},
  organization={ACM}
}

@article{martinez2017automatic,
  title={Automatic repair of real bugs in java: A large-scale experiment on the defects4j dataset},
  author={Martinez, Matias and Durieux, Thomas and Sommerard, Romain and Xuan, Jifeng and Monperrus, Martin},
  journal={Empirical Software Engineering},
  volume={22},
  number={4},
  pages={1936--1964},
  year={2017},
  publisher={Springer}
}

@inproceedings{just2014defects4j,
  title = {Defects4J: {A} {Database} of {Existing} {Faults} to {Enable} {Controlled} {Testing} {Studies} for {Java} {Programs}},
  author={Just, Ren{\'e} and Jalali, Darioush and Ernst, Michael D},
  booktitle={Proceedings of the 2014 International Symposium on Software Testing and Analysis},
  pages={437--440},
  year={2014},
  organization={ACM}
}

@inproceedings{koyuncu2017impact,
  title={Impact of {Tool} {Support} in {Patch} {Construction}},
  author={Koyuncu, Anil and Bissyand{\'e}, Tegawend{\'e} F and Kim, Dongsun and Klein, Jacques and Monperrus, Martin and Le Traon, Yves},
  booktitle={Proceedings of the 26th ACM SIGSOFT International Symposium on Software Testing and Analysis},
  pages={237--248},
  year={2017},
  organization={ACM}
}

@inproceedings{nguyen2013semfix,
  title={Semfix: Program repair via semantic analysis},
  author={Nguyen, Hoang Duong Thien and Qi, Dawei and Roychoudhury, Abhik and Chandra, Satish},
  booktitle={Proceedings of the 2013 {International} {Conference} on {Software} {Engineering}},
  pages={772--781},
  year={2013},
  organization={IEEE}
}

@article{le2012genprog,
  title={Genprog: A generic method for automatic software repair},
  author={Le Goues, Claire and Nguyen, ThanhVu and Forrest, Stephanie and Weimer, Westley},
  journal={IEEE Transactions on Software Engineering},
  volume={38},
  number={1},
  pages={54},
  year={2012}
}

@inproceedings{weimer2009automatically,
  title={Automatically finding patches using genetic programming},
  author={Weimer, Westley and Nguyen, ThanhVu and Le Goues, Claire and Forrest, Stephanie},
  booktitle={Proceedings of the 31st International Conference on Software Engineering},
  pages={364--374},
  year={2009},
  organization={IEEE}
}

@inproceedings{fry2012human,
  title={A human study of patch maintainability},
  author={Fry, Zachary P and Landau, Bryan and Weimer, Westley},
  booktitle={Proceedings of the 2012 International Symposium on Software Testing and Analysis},
  pages={177--187},
  year={2012},
  organization={ACM}
}

@inproceedings{le2012systematic,
  title={A systematic study of automated program repair: Fixing 55 out of 105 bugs for \$8 each},
  author={Le Goues, Claire and Dewey-Vogt, Michael and Forrest, Stephanie and Weimer, Westley},
  booktitle={Proceedings of the 34th International Conference on Software Engineering},
  pages={3--13},
  year={2012},
  organization={IEEE}
}

@inproceedings{wei2010automated,
  title={Automated fixing of programs with contracts},
  author={Wei, Yi and Pei, Yu and Furia, Carlo A and Silva, Lucas S and Buchholz, Stefan and Meyer, Bertrand and Zeller, Andreas},
  booktitle={Proceedings of the 19th International Symposium on Software Testing and Analysis},
  pages={61--72},
  year={2010},
  organization={ACM}
}

@inproceedings{monperrus2014critical,
  title={A critical review of automatic patch generation learned from human-written patches: essay on the problem statement and the evaluation of automatic software repair},
  author={Monperrus, Martin},
  booktitle={Proceedings of the 36th International Conference on Software Engineering},
  pages={234--242},
  year={2014},
  organization={ACM}
}

@inproceedings{tao2014automatically,
  title={Automatically generated patches as debugging aids: a human study},
  author={Tao, Yida and Kim, Jindae and Kim, Sunghun and Xu, Chang},
  booktitle={Proceedings of the 22nd ACM SIGSOFT International Symposium on Foundations of Software Engineering},
  pages={64--74},
  year={2014},
  organization={ACM}
}

@inproceedings{kim2013automatic,
  title={Automatic patch generation learned from human-written patches},
  author={Kim, Dongsun and Nam, Jaechang and Song, Jaewoo and Kim, Sunghun},
  booktitle={Proceedings of the 2013 International Conference on Software Engineering},
  pages={802--811},
  year={2013},
  organization={ACM}
}

@article{bissyande2015harvesting,
  title={Harvesting Fix Hints in the History of Bugs},
  author={Bissyand{\'e}, Tegawend{\'e} F},
  journal={arXiv preprint arXiv:1507.05742},
  year={2015}
}

@inproceedings{kui2018live,
  Author = {Kui Liu and Koyuncu Anil and Kisub Kim and Dongsun Kim and Tegawend\'e F. Bissyand\'e},
  Title = {Live Search of Fix Ingredients for Automated Program Repair},
  Booktitle = {Proceedings of the 25th Asia-Pacific Software Engineering Conference},
  Year = {2018}
}

@article{koyuncu2018fixminer,
  title={FixMiner: Mining Relevant Fix Patterns for Automated Program Repair},
  author={Koyuncu, Anil and Liu, Kui and F. Bissyand\'e, Tegawend\'e  and Kim, Dongsun and Klein, Jacques and Monperrus, Martin and Le Traon, Yves},
  journal={arXiv preprint arXiv:1810.01791},
  year={2018}
}

@inproceedings{kaleeswaran2014minthint,
  title={Minthint: Automated synthesis of repair hints},
  author={Kaleeswaran, Shalini and Tulsian, Varun and Kanade, Aditya and Orso, Alessandro},
  booktitle={Proceedings of the 36th International Conference on Software Engineering},
  pages={266--276},
  year={2014},
  organization={ACM}
}

@inproceedings{barr2014plastic,
  title={The plastic surgery hypothesis},
  author={Barr, Earl T and Brun, Yuriy and Devanbu, Premkumar and Harman, Mark and Sarro, Federica},
  booktitle={Proceedings of the 22nd ACM SIGSOFT International Symposium on Foundations of Software Engineering},
  pages={306--317},
  year={2014},
  organization={ACM}
}

@inproceedings{dallmeier2009generating,
  title={Generating fixes from object behavior anomalies},
  author={Dallmeier, Valentin and Zeller, Andreas and Meyer, Bertrand},
  booktitle={Proceedings of the 2009 IEEE/ACM International Conference on Automated Software Engineering},
  pages={550--554},
  year={2009},
  organization={ACM}
}

@inproceedings{mechtaev2016angelix,
  title={Angelix: {Scalable} multiline program patch synthesis via symbolic analysis},
  author={Mechtaev, Sergey and Yi, Jooyong and Roychoudhury, Abhik},
  booktitle={Proceedings of the 38th {International} {Conference} on {Software} {Engineering}},
  pages={691--701},
  year={2016},
  organization={ACM}
}

@inproceedings{le2016history,
  title = {History {Driven} {Program} {Repair}},
  booktitle = {Proceedings of the 23rd {International} {Conference} on {Software} {Analysis}, {Evolution}, and {Reengineering}},
  author = {Xuan{-}Bach D. Le and David Lo and Claire {Le Goues}},
  year = {2016},
  pages = {213--224},
  organization={IEEE}
}

@inproceedings{long2016analysis,
  title={An analysis of the search spaces for generate and validate patch generation systems},
  author={Long, Fan and Rinard, Martin},
  booktitle={Proceedings of the 38th {International} {Conference} on {Software} {Engineering}},
  pages={702--713},
  year={2016},
  organization={IEEE}
}

@inproceedings{smith2015cure,
  title={Is the cure worse than the disease? overfitting in automated program repair},
  author={Smith, Edward K and Barr, Earl T and Le Goues, Claire and Brun, Yuriy},
  booktitle={Proceedings of the 2015 10th Joint Meeting on Foundations of Software Engineering},
  pages={532--543},
  year={2015},
  organization={ACM}
}

@inproceedings{mechtaev2015directfix,
  title={Directfix: Looking for simple program repairs},
  author={Mechtaev, Sergey and Yi, Jooyong and Roychoudhury, Abhik},
  booktitle={Proceedings of the 37th International Conference on Software Engineering-Volume 1},
  pages={448--458},
  year={2015},
  organization={ACM}
}

@inproceedings{nistor2015caramel,
  title={Caramel: Detecting and fixing performance problems that have non-intrusive fixes},
  author={Nistor, Adrian and Chang, Po-Chun and Radoi, Cosmin and Lu, Shan},
  booktitle={Proceedings of the 37th {International} {Conference} on {Software} {Engineering}},
  volume={1},
  pages={902--912},
  year={2015},
  organization={IEEE}
}

@article{xuan2017nopol,
  title={Nopol: Automatic repair of conditional statement bugs in java programs},
  author={Xuan, Jifeng and Martinez, Matias and Demarco, Favio and Clement, Maxime and Marcote, Sebastian Lamelas and Durieux, Thomas and Le Berre, Daniel and Monperrus, Martin},
  journal={IEEE Transactions on Software Engineering},
  volume={43},
  number={1},
  pages={34--55},
  year={2017},
  publisher={IEEE}
}
