@inproceedings{peng2015building,
  title={Building program vector representations for deep learning},
  author={Peng, Hao and Mou, Lili and Li, Ge and Liu, Yuxuan and Zhang, Lu and Jin, Zhi},
  booktitle={Proceedings of the 8th International Conference on Knowledge Science, Engineering and Management},
  pages={547--553},
  year={2015},
  publisher={Springer}
}

@inproceedings{hindle2012naturalness,
  title={On the naturalness of software},
  author={Hindle, Abram and Barr, Earl T and Su, Zhendong and Gabel, Mark and Devanbu, Premkumar},
  booktitle={Proceedings of the 34th International Conference on Software Engineering},
  pages={837--847},
  year={2012},
  organization={IEEE}
}

@inproceedings{jiang2017automatically,
  title={Automatically generating commit messages from diffs using neural machine translation},
  author={Jiang, Siyuan and Armaly, Ameer and McMillan, Collin},
  booktitle={Proceedings of the 32nd IEEE/ACM International Conference on Automated Software Engineering},
  pages={135--146},
  year={2017},
  publisher={ACM}
}

@inproceedings{gu2018deep,
  title={Deep code search},
  author={Gu, Xiaodong and Zhang, Hongyu and Kim, Sunghun},
  booktitle={Proceedings of the 40th International Conference on Software Engineering},
  pages={933--944},
  year={2018},
  organization={ACM}
}

@inproceedings{nguyen2017exploring,
  title={Exploring API embedding for API usages and applications},
  author={Nguyen, Trong Duc and Nguyen, Anh Tuan and Phan, Hung Dang and Nguyen, Tien N},
  booktitle={Proceedings of the 39th International Conference on Software Engineering},
  pages={438--449},
  year={2017},
  publisher={IEEE}
}

@article{allamanis2018survey,
  title={A survey of machine learning for big code and naturalness},
  author={Allamanis, Miltiadis and Barr, Earl T and Devanbu, Premkumar and Sutton, Charles},
  journal={ACM Computing Surveys (CSUR)},
  volume={51},
  number={4},
  pages={81},
  year={2018},
  publisher={ACM}
}

@article{bui2017cross,
  title={Cross-Language Learning for Program Classification using Bilateral Tree-Based Convolutional Neural Networks},
  author={Bui, Nghi DQ and Jiang, Lingixao and Yu, Yijun},
  journal={arXiv preprint arXiv:1710.06159},
  year={2017}
}

@inproceedings{allamanis2015bimodal,
  title={Bimodal modelling of source code and natural language},
  author={Allamanis, Miltos and Tarlow, Daniel and Gordon, Andrew and Wei, Yi},
  booktitle={Proceedings of the 32nd International Conference on Machine Learning},
  pages={2123--2132},
  publisher = {JMLR.org},
  year={2015}
}

@inproceedings{mou2016convolutional,
  title={Convolutional Neural Networks over Tree Structures for Programming Language Processing},
  author={Mou, Lili and Li, Ge and Zhang, Lu and Wang, Tao and Jin, Zhi},
  booktitle = {Proceedings of the 30th {AAAI} Conference on Artificial Intelligence},
  pages     = {1287--1293},
  year      = {2016},
  publisher={AAAI}
}

@inproceedings{pelleg2000x,
  title={X-means: Extending k-means with efficient estimation of the number of clusters},
  author={Pelleg, Dan and Moore, Andrew W and others},
  booktitle={Proceedings of the International Conference on Machine Learning},
  volume={1},
  pages={727--734},
  year={2000}
}

@book{witten2016data,
  title={{Data} {Mining}: {Practical} machine learning tools and techniques},
  author={Witten, Ian H and Frank, Eibe and Hall, Mark A and Pal, Christopher J},
  year={2016},
  publisher={Morgan Kaufmann}
}

@misc{promiseRepo,
    title = {tera-PROMISE Repository},
    author = {Computer Science, NC State University},
    howpublished = {\url{http://openscience.us/repo/}},
    year = {Last Accessed: Nov. 2017.}
}

@misc{findbugs:description,
    title = {FindBugs Bug Descriptions},
    author = {FindBugs 3.0.1},
    howpublished = {\url{http://findbugs.sourceforge.net/bugDescriptions.html}},
    year = {Last Accessed: Nov. 2017.}
}

@misc{ghtorrent,
    title = {GHTorrent},
    author = {Georgios, Gousios and Diomidis, Spinellis},
    howpublished = {\url{http://ghtorrent.org/halloffame.html}},
    year = {Last Accessed: Nov. 2017.}
}

@misc{maven,
    title = {Maven},
    author = {Apache},
    howpublished = {\url{https://maven.apache.org/}},
    year = {Last Accessed: Nov. 2017.}
}

@misc{objectLab,
    title = {},
    author = {ObjectLab},
    howpublished = {\url{http://www.objectlab.co.uk/}},
    year = {Last Accessed: Nov. 2017.}
}

@misc{clangStaticAnalyzer,
    title = {Clang Static Analyzer},
    author = {LLVM},
    howpublished = {\url{https://clang-analyzer.llvm.org/}},
    year = {Last Access: Nov. 2017.}
}

@misc{cppCheck,
    title    = {Cppcheck},
    author = {Daniel Marjam\"aki},
    howpublished = {\url{http://cppcheck.sourceforge.net/}},
    year ={Last Accessed: Nov. 2017.},
}

@misc{splint,
    title = {Splint},
    author = {Inexpensive Program Analysis Group},
    howpublished = {\url{http://splint.org/}},
    year = {Last Accessed: Nov. 2017.}
}

@misc{semmle,
    title    = {semmle},
    author  ={Github},
    howpublished = {\url{https://semmle.com/}},
    year ={Last Accessed: Nov. 2017.},
}

@misc{pmd,
    title    = {PMD: an extensible cross-language static code analyzer},
    author  ={Github},
    howpublished = {\url{https://pmd.github.io/}},
    year ={Last Accessed: Nov. 2017.},
}

@misc{coccinelle,
	title = {Coccinelle},
	author = {LIP6},
    howpublished = {\url{http://coccinelle.lip6.fr/}},
    year = {Last Accessed: Nov. 2017}
}

@misc{coverity,
    title    = {Coverity},
    author = {Synopsys},
    howpublished= {\url{http://www.coverity.com/}},
    year = {Last Accessed: Nov.2017},
}